@article{chen2022efficient,
  title={Efficient conversion of low-concentration nitrate sources into ammonia on a Ru-dispersed Cu nanowire electrocatalyst},
  author={Chen, Feng-Yang and Wu, Zhen-Yu and Gupta, Srishti and Rivera, Daniel J and Lambeets, Sten V and Pecaut, Stephanie and Kim, Jung Yoon Timothy and Zhu, Peng and Finfrock, Y Zou and Meira, Debora Motta and others},
  journal={Nature nanotechnology},
  volume={17},
  number={7},
  pages={759--767},
  year={2022},
  publisher={Nature Publishing Group UK London}
}
@article{yu2024bi,
  title={Bi-Layer Single Atom Catalysts Boosted Nitrate-to-Ammonia Electroreduction with High Activity and Selectivity},
  author={Yu, Jingkun and Yong, Xue and Cao, Ang and Lu, Siyu},
  journal={Wuli Huaxue Xuebao/Acta Physico-Chimica Sinica},
  volume={40},
  number={6},
  pages={2307015},
  year={2024}
}
@article{kresse1996efficiency,
  title={Efficiency of ab-initio total energy calculations for metals and semiconductors using a plane-wave basis set},
  author={Kresse, Georg and Furthm{\"u}ller, J{\"u}rgen},
  journal={Computational materials science},
  volume={6},
  number={1},
  pages={15--50},
  year={1996},
  publisher={Elsevier}
}
@article{kresse1993ab,
  title={Ab initio molecular dynamics for liquid metals},
  author={Kresse, Georg and Hafner, J{\"u}rgen},
  journal={Physical review B},
  volume={47},
  number={1},
  pages={558},
  year={1993},
  publisher={APS}
}